<?xml version="1.0" encoding="UTF-8"?><collection xmlns="http://www.loc.gov/MARC21/slim"><record><leader>00403nam--2200157-i-4500</leader><controlfield tag="001">000009401</controlfield><controlfield tag="002">20161230</controlfield><controlfield tag="005">20170220001311</controlfield><controlfield tag="008">060222s1000------------r-----000-0-eng-d</controlfield><datafield ind1=" " ind2=" " tag="100"><subfield code="a">Deutsch, R. V</subfield></datafield><datafield ind1=" " ind2=" " tag="245"><subfield code="a">Introducere in fizica temperaturilor joase</subfield></datafield><datafield ind1=" " ind2=" " tag="260"><subfield code="a">Bucuresti</subfield><subfield code="b">Ed.Academiei R.S.R</subfield><subfield code="c">1970</subfield></datafield><datafield ind1=" " ind2=" " tag="300"><subfield code="a">493 p</subfield></datafield><datafield ind1=" " ind2=" " tag="700"><subfield code="a">Balla, D</subfield></datafield><datafield ind1=" " ind2=" " tag="852"><subfield code="a">536.48(021)</subfield></datafield><datafield ind1=" " ind2=" " tag="CAT"><subfield code="a">SYS</subfield><subfield code="c">20170220</subfield><subfield code="h">001311</subfield></datafield></record></collection>